@string{ACTS            = "Advanced Communications Technologies and Services (ACTS) Mobile Communication Summit"}
@string{ACTS_1996       = "Proc.\ 1st~" # ACTS}
@string{ASPLOS          = "ACM International Conference on Architectural Support for Programming Languages and Operating Systems (ASPLOS)"}
@string{ASPLOS_1996     = "Proc.\ 7th ASPLOS"}
@string{ASPLOS_2000     = "Proc.\ 9th ASPLOS"}
@string{BCR             = "Business Communications Review"}
@string{CACM            = "Communications of the ACM"}
@string{COMPUTER        = "IEEE Computer"}
@string{COMPUTER_NET    = "Computer Networks"}
@string{CCR             = "ACM SIGCOMM Computer Communication Review"}
@string{DANCE           = "Proc.\ DARPA Active Networks Conference and Exposition"}
@string{DANCE_2002      = DANCE # "\ (DANCE 2002)"}
@string{EWSCDA_1998     = "Proc.\ 8th ACM SIGOPS European Workshop on Support for Composing Distributed Applications"}
@string{HOTI            = "A symposium on high performance interconnects"}
@string{HOTI_1999       = "Hot Interconnects 7:\ " # HOTI}
@string{HOTNETS_2002    = "Proc.\ HotNets--I"}
@string{HOTNETS_2003    = "Proc.\ HotNets--II"}
@string{HOTOS           = "Workshop on Hot Topics in Operating Systems"}
@string{HOTOS_1999      = "Proc.\ 7th~" # HOTOS # " (HotOS--VII)"}
@string{HOTOS_2001      = "Proc.\ 8th~" # HOTOS # " (HotOS--VIII)"}
@string{ICC             = "Proc.\ IEEE International Conference on Communications"}
@string{ICC_2002        = ICC # "\ (ICC 2002)"}
@string{ICFP            = "SIGPLAN International Conference on Functional Programming Languages"}
@string{ICFP_1998       = "Proc.\ 3rd ACM\ " # ICFP}
@string{ICDCS           = "International Conference on Distributed Computing Systems (ICDCS)"}
@string{ICDCS_1988      = "Proc.\ 8th ICDCS"}
@string{ICDCS_2000      = "Proc.\ 20th ICDCS"}
@string{ICNP            = "IEEE International Conference on Networking Protocols"} 
@string{ICNP_2003       = "Proc.\ 11th ICNP"}
@string{ICS             = "ACM International Conference on Supercomputing"}
@string{ICS_1990        = "Proc.\ 4th~" # ICS}
@string{ICMCS_1994      = "Int.\ Conf.\ Multimedia Computing \& Systems"}
@string(IJPDSN          = "International Journal of Parallel and Distributed Systems and Networks")
@string{INFOCOM_2000    = "Proc.\ INFOCOM 2000"}
@string{INFOCOM_2002    = "Proc.\ INFOCOM 2002"}
@string{INFOCOM_2004    = "Proc.\ INFOCOM 2004"}
@string{INFOCOM_2010    = "Proc.\ INFOCOM 2010"}
@string{IPTPS_2002      = "Proc.\ 1st Int.\ Workshop on Peer-to-Peer Systems (IPTPS'02)"}
@string{ISCA            = "Annual ACM/IEEE International Symposium on Computer Architecture (ISCA)"}
@string{ISCA_1998       = "Proc.\ 25th~" # ISCA}
@string{JSAC            = "IEEE J.\ Sel.\ Areas Comm."}
@string{LISA            = "Systems Administration Conference"}
@string{LISA_1997       = "Proc.\ 11th~" # LISA # "\ (LISA '97)"}
@string{LISA_2007       = "Proc.\ 21st~" # LISA # "\ (LISA '07)"}
@string{MICRO           = "IEEE Micro"}
@string{MIDDLEWARE      = "IFIP/ACM International Conference on Distributed Systems Platforms"}
@string{MIDDLEWARE_2001 = "Proc.\ 18th Middleware"}
@string{MUG             = "Myrinet User Group Conference"}
@string{MUG_2000        = "Proc.\ First~" # MUG # "\ (MUG 2000)"}
@string{NOSSDAV         = "Network and Operating System Support for Digital Audio and Video (NOSSDAV)"}
@string{NOSSDAV_1997    = "Proc.\ 7th International Workshop on\ " # NOSSDAV}
@string{NOSSDAV_1998    = "Proc.\ 8th International Workshop on\ " # NOSSDAV}
@string{OLS             = "Ottawa Linux Symposium"}
@string{OLS_2003        = "Proc.\ OLS 2003"}
@string{OPENARCH        = "International Conference on Open Architectures and Network Programming (OPENARCH)"}
@string{OPENARCH_2001   = "Proc.\ 4th~" # OPENARCH}
@string{OPENARCH_2002   = "Proc.\ 5th~" # OPENARCH}
@string{OSDI            = "Operating System Design and Implementation (OSDI)"}
@string{OSDI_1994       = "Proc.\ 1st OSDI"}
@string{OSDI_1996       = "Proc.\ 2nd OSDI"}
@string{OSDI_1999       = "Proc.\ 3rd OSDI"}
@string{OSDI_2002       = "Proc.\ 5th OSDI"}
@string{OSDI_2006       = "Proc.\ 7th OSDI"}
@string{NSDI_2004       = "Proc.\ 1st NSDI"}
@string{NSDI_2005       = "Proc.\ 2nd NSDI"}
@string{NSDI_2006       = "Proc.\ 3rd NSDI"}
@string{NSDI_2009       = "Proc.\ 6th NSDI"}
@string{OSR             = "Operating Systems Review"}
@string{PERVASIVE       = "International Conference on Pervasive Computing"}
@string{PERVASIVE_2002  = "Proc.\ Pervasive 2002"}
@string{NETWORKING      = "International IFIP--TC6 Networking Conference"}
@string{NETWORKING_2002 = "Proc.\ 2nd~" # NETWORKING # "\ (NETWORKING 2002)"}
@string{SANE_2000       = "Proc.\ 2nd Int.\ SANE Conf."}
@string{RFC             = "Internet Req.\ for Cmts."}
@string{SIGCOMM_1988    = "Proc.\ SIGCOMM '88"}
@string{SIGCOMM_1992    = "Proc.\ SIGCOMM '92"}
@string{SIGCOMM_1994    = "Proc.\ SIGCOMM '94"}
@string{SIGCOMM_1996    = "Proc.\ SIGCOMM '96"}
@string{SIGCOMM_1997    = "Proc.\ SIGCOMM '97"}
@string{SIGCOMM_1998    = "Proc.\ SIGCOMM '98"}
@string{SIGCOMM_1999    = "Proc.\ SIGCOMM '99"}
@string{SIGCOMM_2001    = "Proc.\ SIGCOMM 2001"}
@string{SIGMETRICS      = "Proc.\ SIGMETRICS\ "}
@string{SIGMETRICS_2000 = SIGMETRICS # "2000"}
@string{SIGMETRICS_2001 = SIGMETRICS # "2001"}
@string{SIGPLAN_NOTICES = "ACM SIGPLAN Notices"}
@string{SOSP            = "Symposium on Operating Systems Principles (SOSP)"}
@string{SOSP_1995       = "Proc.\ 15th SOSP"}
@string{SOSP_1999       = "Proc.\ 17th SOSP"}
@string{SOSP_2001       = "Proc.\ 18th SOSP"}
@string{SOSP_2003       = "Proc.\ 19th SOSP"}
@string{TOCS            = "ACM Transactions on Computer Systems"}
@string{TON             = "IEEE/ACM Transactions on Networking"}
@string{USENIX          = "USENIX Annual Technical Conference"}
@string{USENIX_SEC      = "USENIX Security Symposium"}
@string{USENIX_2005     = "Proc.\ USENIX '05"}
@string{USENIX_2004     = "Proc.\ USENIX '04"}
@string{USENIX_2002     = "Proc.\ USENIX '02"}
@string{USENIX_1996     = "Proc.\ USENIX '96"}
@string{USENIX_WTC_1988 = "Proc.\ USENIX Winter Technical Conference '88"}
@string{USS_1999        = "Proc.\ 8th " # USENIX_SEC}
@string{USS_2002        = "Proc.\ 11th " # USENIX_SEC}
@string{USS_2003        = "Proc.\ 12th " # USENIX_SEC}
@string{USITS           = "USENIX Symposium on Internet Technologies"}
@string{USITS_2003      = "Proc.\ 4th USITS"}
@string{WISP            = "Workshop on Internet Server Performance"}
@string{WISP_1998       =" Proc.\ " # WISP # " 1998"}
@string{WORLDS_2004     ="Proc. of the 1st Workshop on Real, Large Distributed Systems"}
@string{WSS             = "USENIX Windows Sys.\ Symp."}
@string{WSS_2000        = "Proc.\ 4th~" # WSS}
@string{WWOS            = "Workshop on Workstation Operating Systems"}
@string{WWOS_1992       = "Proc.\ 3rd " # WWOS}

@string{ALASKA          = "AK"}
@string{ARIZONA         = "AZ"}
@string{CALIFORNIA      = "CA"}
@string{COLORADO        = "CO"}
@string{GEORGIA         = "GA"}
@string{LOUISIANA       = "LA"}
@string{MARYLAND        = "MD"}
@string{MASSACHUSETTS   = "MA"}
@string{MISSOURI        = "MO"}
@string{NEW_JERSEY      = "NJ"}
@string{NEW_MEXICO      = "NM"}
@string{NEW_YORK        = "NY"}
@string{OREGON          = "OR"}
@string{PENNSYLVANIA    = "PA"}
@string{SOUTH_CAROLINA  = "SC"}
@string{TEXAS           = "TX"}
@string{WASHINGTON      = "WA"}
@string{WISCONSIN       = "WI"}

@string{BOSTON               = "Boston,\ " # MASSACHUSETTS}
@string{DALLAS               = "Dallas,\ " # TEXAS}
@string{SAN_FRANCISCO        = "San Francisco,\ " # CALIFORNIA}
@string{WASHINGTON_DC        = "Washington,\ DC"}

@string{ACTS_1996_ADDR       = "Granada, Spain"}
@string{ASPLOS_1996_ADDR     = "Cambridge,\ " # MASSACHUSETTS}
@string{ASPLOS_2000_ADDR     = "Cambridge,\ " # MASSACHUSETTS}
@string{DANCE_2002_ADDR      = SAN_FRANCISCO}
@string{EWSCDA_1998_ADDR     = "Sintra, Portugal"}
@string{HOTI_1999_ADDR       = "Stanford,\ " # CALIFORNIA}
@string{HOTNETS_2002_ADDR    = "Princeton,\ " # NEW_JERSEY}
@string{HOTNETS_2003_ADDR    = "Cambridge,\ " # MASSACHUSETTS}
@string{HOTOS_1999_ADDR      = "Rio Rico,\ " # ARIZONA}
@string{HOTOS_2001_ADDR      = "Oberbayern, Germany"}
@string{ICFP_1998_ADDR       = "Baltimore,\ " # MARYLAND}
@string{ICDCS_1988_ADDR      = "San Jose,\ " # CALIFORNIA}
@string{ICDCS_2000_ADDR      = "Taipei, Taiwan"}
@string{ICC_2002_ADDR        = "New York City"}
@string{ICMCS_1994_ADDR      = "Boston,\ " # MASSACHUSETTS}
@string{ICNP_2003_ADDR       = "Atlanta,\ " # GEORGIA}
@string{ICS_2002_ADDR        = "New York City"}
@string{ICS_1988_ADDR        = "Saint Malo, France"}
@string{ICS_1989_ADDR        = "Crete, Greece"}
@string{ICS_1990_ADDR        = "Amsterdam, The Netherlands"}
@string{ICS_1991_ADDR        = "Cologne, West Germany"}
@string{ICS_1992_ADDR        = "Washington, DC"}
@string{ICS_1993_ADDR        = "Tokyo, Japan"}
@string{ICS_1994_ADDR        = "Manchester, England"}
@string{ICS_1995_ADDR        = "Barcelona, Spain"}
@string{ICS_1996_ADDR        = "Philadelphia,\ " # PENNSYLVANIA}
@string{ICS_1997_ADDR        = "Vienna, Austria"}
@string{ICS_1998_ADDR        = "Melbourne, Australia"}
@string{ICS_1999_ADDR        = "Rhodes, Greece"}
@string{ICS_2000_ADDR        = "Santa Fe,\ " # NEW_MEXICO}
@string{ICS_2001_ADDR        = "Sorrento, Italy"}
@string{INFOCOM_2000_ADDR    = "Tel-Aviv, Israel"}
@string{INFOCOM_2002_ADDR    = "New York City"}
@string{INFOCOM_2004_ADDR    = "Hong Kong"}
@string{INFOCOM_2010_ADDR    = "San Diego"}
@string{IPTPS_2002_ADDR      = "Cambridge,\ " # MASSACHUSETTS}
@string{IBM_THOMAS_J_WATSON = "Yorktown\ Heights, " # NEW_YORK}
@string{ISCA_1998_ADDR       = "Barcelona, Spain"}
@string{LISA_1997_ADDR       = "San Diego,\ " # CALIFORNIA}
@string{LISA_2007_ADDR       = "Dallas,\ " # TEXAS}
@string{MIDDLEWARE_2001_ADDR = "Heidelberg, Germany"}
@string{MUG_2000_ADDR        = "Lyon, France"}
@string{NETWORKING_2002_ADDR = "Pisa, Italy"}
@string{NOSSDAV_1997_ADDR    = "St.~Louis,\ " # MISSOURI}
@string{NOSSDAV_1998_ADDR    = "Cambridge, UK"}
@string{OLS_ADDR             = "Ottawa, Ontario, Canada"}
@string{OPENARCH_2001_ADDR   = "Anchorage,\ " # ALASKA}
@string{OPENARCH_2002_ADDR   = "New York City"}
@string{OSDI_1994_ADDR       = "Monterey,\ " # CALIFORNIA}
@string{OSDI_1996_ADDR       = "Seattle,\ " # WASHINGTON}
@string{OSDI_1999_ADDR       = "New Orleans,\ " # LOUISIANA}
@string{OSDI_2002_ADDR       = "Boston,\ " # MASSACHUSETTS}
@string{OSDI_2006_ADDR       = "Seattle,\ " # WASHINGTON}
@string{OREILLY_ADDR         = "Sebastopol,\ " # CALIFORNIA}
@string{NSDI_2004_ADDR       = "San Francisco,\ " # CALIFORNIA}
@string{NSDI_2005_ADDR       = "Boston,\ " # MASSACHUSETTS}
@string{NSDI_2006_ADDR       = "San Jose,\ " # CALIFORNIA}
@string{NSDI_2009_ADDR       = "Boston,\ " # MASSACHUSETTS}
@string{PERVASIVE_2002_ADDR  = "Zurich, Switzerland"}
@string{SANE_2000_ADDR       = "Maastricht, The Netherlands"}
@string{SIGCOMM_1988_ADDR    = "Stanford,\ " # CALIFORNIA}
@string{SIGCOMM_1992_ADDR    = "Baltimore,\ " # MARYLAND}
@string{SIGCOMM_1994_ADDR    = "London"}
@string{SIGCOMM_1996_ADDR    = "Stanford,\ " # CALIFORNIA}
@string{SIGCOMM_1997_ADDR    = "Cannes, France"}
@string{SIGCOMM_1998_ADDR    = "Vancouver, British Columbia, Canada"}
@string{SIGCOMM_1999_ADDR    = "Cambridge,\ " # MASSACHUSETTS}
@string{SIGCOMM_2001_ADDR    = "San Diego,\ " # CALIFORNIA}
@string{SIGMETRICS_2000_ADDR = "Santa Clara,\ " # CALIFORNIA}
@string{SIGMETRICS_2001_ADDR = "Cambridge,\ " # MASSACHUSETTS}
@string{SOSP_1995_ADDR       = "Copper Mountain Resort,\ " # COLORADO}
@string{SOSP_1999_ADDR       = "Kiawah Island Resort,\ " # SOUTH_CAROLINA}
@string{SOSP_2001_ADDR       = "Banff, Alberta, Canada"}
@string{SOSP_2003_ADDR       = "Lake George,\ " # NEW_YORK}
@string{USENIX_2005_ADDR     = "Anaheim,\ " # CALIFORNIA}
@string{USENIX_2004_ADDR     = "Boston,\ " # MASSACHUSETTS}
@string{USENIX_WTC_1988_ADDR = "Dallas,\ " # TEXAS}
@string{USITS_2003_ADDR      = "Seattle,\ " # WASHINGTON}
@string{WISP_1998_ADDR       = "Madison,\ " # WISCONSIN}
@string{WSS_2000_ADDR        = "Seattle,\ " # WASHINGTON}

@string{JANUARY    = "Jan"}
@string{FEBRUARY   = "Feb"}
@string{MARCH      = "Mar"}
@string{APRIL      = "Apr"}
@string{MAY        = "May"}
@string{JUNE       = "Jun"}
@string{JULY       = "Jul"}
@string{AUGUST     = "Aug"}
@string{SEPTEMBER  = "Sep"}
@string{OCTOBER    = "Oct"}
@string{NOVEMBER   = "Nov"}
@string{DECEMBER   = "Dec"}

@Misc{Akamai,
	key	= "Akamai",
	title   = "{Akamai}",
    note    = "\url{http://www.akamai.com/}"
}

@Misc{VICCI,
	key	= "VICCI",
	title   = "{VICCI: VIrtual Cloud Computing Infrastructure}",
        note    = "\url{http://www.vicci.org/}"
}

@Misc{Silverlight,
	key	= "Silverlight",
	title   = "{Microsoft Silverlight}",
        note    = "\url{http://www.microsoft/silverlight/}"
}

@Misc{Request-Router,
	key	= "Request-Router",
	title   = "{Verivue Request Router}",
        note    = "\url{http://www.verivue.com/pdf/verivue-requestrouter.pdf}"
}

@Misc{Dropbox,
	key	= "Dropbox",
	title   = "{Dropbox}",
        note    = "\url{http://www.dropbox.com/}"
}

@Misc{Box.net,
	key	= "Box.net",
	title   = "{Box.net}",
        note    = "\url{http://www.box.net/}"
}

@Misc{GenBank,
	key	= "GenBank",
	title   = "{GenBank}",
        note    = "\url{http://www.ncbi.nlm.nih.gov/genbank/}"
}
                  
@Misc{S3,
	key			 = "Amazon Simple Storage Service",
	title        = "{Overview of Amazon Web Services}",
   note         = "\url{https://d36cz9buwru1tt.cloudfront.net/AWS_Overview.pdf}",
}

@Misc{vcoblitz,
	key          = "Verivue Hypercache",
   title        = "{OneVantage Hypercache}",
   note         = "\url{http://www.verivue.com/pdf/verivue-hypercache.pdf}"
}

@manual{filebench,
   key          = "FileBench",
   title        = "{FileBench}",
   Organization = "{OpenSolaris}",
   edition      = "1.4.9.1",
   note         = "\url{http://downloads.sourceforge.net/project/filebench/filebench/filebench-1.4.9.1/filebench-1.4.9.1.tar.gz}",
    year        = "2011"
}

@Misc{fuse-tutorial,
   Title        = "Writing a FUSE Filesystem: a Tutorial",
	Author       = "Joseph J. Pfeiffer, Jr.",
	note         = "\url{http://www.cs.nmsu.edu/~pfeiffer/fuse-tutorial.tgz}"
}

@Manual{cloudfront,
   key         = "Amazon Cloudfront",
   Title       = "Amazon Cloudfront Getting Started Guide",
   Organization = "Amazon.com",
   edition     = "API Version 2010-2011",
   note        = "\url{http://awsdocs.s3.amazonaws.com/CF/20101101/cf_gsg_20101101.pdf}",
   year        = "2011"
}

@Misc{slashdot-effect,
   Title       = "The Slashdot Effect:  An Analysis of Three Internet Publications",
   Author      = "Stephen Adler",
   note        = "\url{http://hup.hu/old/stuff/slashdotted/SlashDotEffect.htm}"
}

@Misc{HTTP-RFC,
   Key         = "HTTP-RFC",
   Title       = "Hypertext Transfer Protocol -- HTTP 1.1",
   Organization = "W3C",
   note        = "\url{http://www.w3.org/Protocols/rfc2616/rfc2616.html}"
}

@Misc{SMTP-RFC,
   Key         = "SMTP-RFC",
   Title       = "Simple Mail Transfer Protocol",
   Organization = "IETF",
   note        = "\url{http://www.ietf.org/rfc/rfc2821.txt}"
}

@Misc{WebDAV,
   Key		= "WebDAV",
   Title	= "HTTP Extensions for Distributed Authoring -- WEBDAV",
   Organization = "IETF",
   note 	= "\url{http://www.ietf.org/rfc/rfc2518.txt}",
}

@Misc{CalDAV,
   Key		= "CalDAV",
   Title	= "Calendaring Extensions to WebDAV (CalDAV)",
   Organization = "IETF",
   note 	= "\url{http://www.ietf.org/rfc/rfc4791.txt}",
}


@Misc{HLS,
   Key         = "HLS",
   Title       = "{HTTP Live Streaming}",
   Organization = "Apple",
   note        = "\url{http://tools.ietf.org/html/draft-pantos-http-live-streaming-08}",
   month       = mar,
   year        = 2012
}

@Misc{FUSE,
   key         = "Filesystems in Userspace",
   Organization = "Linux Foundation",
   note         = "\url{http://fuse.sourceforge.net}",
}

@Misc{libmicrohttpd,
   key         = "GNU libmicrohttpd",
   Organization = "Free Software Foundation",
   Author      = "Christian Grothoff",
   note        = "\url{https://www.gnu.org/software/libmicrohttpd/}"
}

@Misc{cURL,
   key        = "cURL",
   Organization = "haxx.se", 
   Author    = "Daniel Stenberg",
   note       = "\url{http://curl.haxx.se/libcurl/}",
}

@Misc{Apache,
   key        = "Apache",
   Organization = "Apache Software Foundation",
   note      = "\url{https://wiki.apache.org/httpd/Htaccess}",
   Author    = "Robert McCool"
}

@Misc{IIS,
   key        = "IIS",
   Organization = "Microsoft, Inc.",
   note      = "\url{http://www.iis.net}",
}

@Misc{httpress,
   key         = "httpress",
   Organization = "Lighttpd",
   note         = "\url{https://bitbucket.org/yarosla/httpress/wiki/Home}",
   Author     = "Yaroslav Stavnichiy",
}

@Misc{libev,
   key 		= "libev",
   note		= "\url{http://software.schmorp.de/pkg/libev.html}",
   Author       = "Marc Lehmann and Emanuele Giaquinta",
}

@Misc{webfs,
   key = "WebFS: A Global Cache Coherent File System",
   Organization = "University of California at Berkeley",
   Author = "Amin M. Vahdat and Paul C. Eastham and Thomas E. Anderson",
   note = "\url{http://www.cs.duke.edu/~vahdat/webfs/webfs.html}",
}

@Misc{squid,
   key = "Squid Web Proxy",
   title = "Squid Web Proxy",
   note = "\url{http://www.squid-cache.org/}"
}

@Misc{GeoIP,
   key = "GeoIP",
   Organization = "MaxMind",
   note = "\url{http://www.maxmind.com/app/c}"
}

@techreport{cern-vm-fs,
   key = "CERN",
   Author          = "{Jakob Blomer and Predrag Buncic}",
    title           = "{The CERN VM File System}",
    Institution     = "CERN",
    Month           = JUNE,
    Year            = 2011,
    type            = "Technical Report"
}

@techreport{GlusterFS,
    key = "GlusterFS",
    title           = "Gluster File System Architecture",
    Institution     = "Gluster, Inc.",
    Year            = 2010,
    type            = "White Paper"
}

@InProceedings{PlanetLab,
   Author       = "Larry Peterson and Andy Bavier and Marc Fiuczynski and
                   Steve Muir",
   Title        = "{Experiences Building PlanetLab}",
   Booktitle    = "OSDI'06",
   Address      = "Seattle, Washington",
   Month        = nov,
   Year         = 2006
}

@InProceedings{Collective,
   Author       = "R. Chandra and N. Zeldovich and C. Sapuntzakis and M. Lam",
   Title        = "The collective: a cache-based system management architecture",
   Booktitle    = "Proc.\ 2nd Conference on Symposium on Networked Systems 
                   Design and Implementation (NSDI)",
   Address      = "Boston, MA",
   Month        = may,
   Year         = 2005
}
                  
@InProceedings{codeen,
   Author = "Limin Wang and Kyong Soo Park and Ruoming Pang and Vivek Pai and Larry Peterson",
   Title = "Reliability and security in the CoDeeN content distribution network",
   Booktitle = USENIX_2004,
   Address = USENIX_2004_ADDR,
   Year = 2004
}

@InProceedings{ceph,
   Author = "Sage A. Weil and Scott A. Brandt and Ethan L. Miller and Darrell D. E. Long and Carlos Maltzahn",
   Title = "Ceph: A Scalable, High-Performance Distributed File System",
   Booktitle = OSDI_2006,
   Address  = OSDI_2006_ADDR,
   Year = 2006
}


@InProceedings{coblitz,
   Author      = "Kyong Soo Park and Vivek Pai",
   Title       = "{Scale and Performance in the CoBlitz Large-File Distribution Service}",
   Booktitle   = NSDI_2006,
   Address     = NSDI_2006_ADDR,
   Year        = 2006
}

@InProceedings{coralcdn,
   Author     = "Michael J. Freedman",
   Title      = "{Experiences with CoralCDN: A Five-Year Operational View}",
   Booktitle  = NSDI_2005,
   Address    = NSDI_2005_ADDR,
   Year       = 2005
}

@InProceedings{shark,
   Author    = "Siddhartha Annapureddy and Michael J. Freedman and Daved Mazieres",
   Title     = "Shark: Scaling File Servers via Cooperative Caching",
   Booktitle = NSDI_2005,
   Address   = NSDI_2005_ADDR,
   Year      = 2005
}

@InProceedings{WheelFS,
   Author   = "Jeremy Stribling and Yair Sovran and Irene Zhang and Xavid Pretzer and Jinyang Li and M. Frans Kaashoek and Robert Morris",
   Title = "Flexible, Wide-Area Storage for Distributed Systems with WheelFS",
   Booktitle = NSDI_2009,
   Address = NSDI_2009_ADDR,
   Year = 2009
}

@InProceedings{AFS,
   Author  = "John H. Howard",
   Title = "An Overview of the Andrew File System",
   Booktitle = USENIX_WTC_1988,
   Address = USENIX_WTC_1988_ADDR,
   Year = 1988
}

@InProceedings{SFS,
   Author = "David Mazieres and Michael Kaminsky and M. Frans Kasshoek and Emmitt Witchel",
   Title = "Separating Key Management from File System Security",
   Booktitle = SOSP_1999,
   Address = SOSP_1999_ADDR,
   Year = 1999
}

@InProceedings{coral,
   Author = "Michael J. Freedman and E. Freudenthal and David Mazieres",
   Title = "Democratizing Content Publication with Coral",
   Booktitle = NSDI_2004,
   Address = NSDI_2004_ADDR,
   Year = 2004
}

@InProceedings{femtohaul,
   Author = "Ayaskant Rath and Sha Hua and Shivendra S. Panwar",
   Title = "FemtoHaul: Using Femtocells with Relays to Increase Macrocell Backhaul Bandwidth",
   Booktitle = INFOCOM_2010,
   Address = INFOCOM_2010_ADDR,
   Year = 2010
}

@Misc{im2k,
   Author = "Daniel J. Bernstein",
   key = "Internet Mail 2000",
   title = "Internet Mail 2000 Proposal",
   note = "\url{http://cr.yp.to/im2000.html}"
}

@Misc{stubmail,
   Author = "Men Wen Wong",
   key = "StubMail",
   title = "StubMail",
   note = "\url{http://mengwong.com/rssemail/rssemail-onepage-20050622.pdf}"
}

@Misc{htmp,
   Author = "Nathan Cheng",
   key = "HTMP",
   title = "Hypertext Mail Protocol",
   note = "\url{http://www.circleid.com/posts/hypertext_mail_protocol_aka_stub_emaill/}"
}

@InProceedings{PushVsPull,
   Author = {Duan, Zhenhai and Gopalan, Kartik and Dong, Yingfei},
   Title = {Push vs. Pull: Implications of Protocol Design on Controlling Unwanted Traffic},
   Booktitle = {Proceedings of the Steps to Reducing Unwanted Traffic on the Internet on Steps to Reducing Unwanted Traffic on the Internet Workshop},
   Year = 2005,
} 

@Article{dtmp,
   Author = {Duan, Zhenhai and Dong, Yingfei and Gopalan, Kartik},
   Title = {DMTP: Controlling Spam Through Message Delivery Differentiation},
   Journal = {Comput. Netw.},
   Volume = {51},
   Number = {10},
   Year = 2007
} 

@Misc{GMail,
   key = "GMail",
   title = "GMail",
   note = "\url{http://www.gmail.com}"
}

@misc{nginx,
   key = "Nginx",
   title = "NGINX",
   note = "\url{https://www.nginx.com/}"
}

@Misc{AWS-S3,
   key = "Amazon S3",
   title = "Amazon Simple Storage Service",
   note = "\url{http://aws.amazon.com/s3/}"
}

@Misc{amazonaws,
   key = "Amazon Web Services",
   title = "Amazon Web Services",
   note = "\url{http://aws.amazon.com}"
}

@Misc{DRPBX,
   key = "Dropbox",
   title = "Dropbox Storage",
   note = "\url{http://www.dropbox.com/}"
}

@Misc{blockchain-id-format,
   title = "Blockchain ID Format, ver 2",
   note = "\url{https://github.com/blockstack/blockchain-id/wiki/Profile-Schema-v2}"
}


@Misc{google-appengine,
   key   = "Google App Engine",
   title   = "{Google App Engine}",
        note    = "\url{https://developers.google.com/appengine/}"
}

@Misc{enigmail,
   key   = "Enigmail",
   title   = "{A simple interface for OpenPGP email security}",
        note    = "\url{https://www.enigmail.net/home/index.php}"
}

@Misc{mailpile,
   key   = "Mailpile",
   title   = "{Mailpile}",
        note    = "\url{https://www.mailpile.is/}"
}


@INPROCEEDINGS{id-based-cryptography,
    author = {Dan Boneh and Matthew Franklin},
    title = {Identity-based encryption from the Weil pairing},
    booktitle = {},
    year = {2001},
    pages = {213--229},
    publisher = {Springer-Verlag}
}

@inproceedings{garfinkel-email-survey,
 author = {Garfinkel, Simson L. and Margrave, David and Schiller, Jeffrey I. and Nordlander, Erik and Miller, Robert C.},
 title = {How to Make Secure Email Easier to Use},
 booktitle = {Proceedings of the SIGCHI Conference on Human Factors in Computing Systems},
 series = {CHI '05},
 year = {2005},
 isbn = {1-58113-998-5},
 location = {Portland, Oregon, USA},
 pages = {701--710},
 numpages = {10},
 url = {http://doi.acm.org/10.1145/1054972.1055069},
 doi = {10.1145/1054972.1055069},
 acmid = {1055069},
 publisher = {ACM},
 address = {New York, NY, USA},
 keywords = {e-commerce, user interaction design, user studies},
} 

@inproceedings{crypto-adoption-criteria,
 author = {Gaw, Shirley and Felten, Edward W. and Fernandez-Kelly, Patricia},
 title = {Secrecy, Flagging, and Paranoia: Adoption Criteria in Encrypted Email},
 booktitle = {SIGCHI'06},
 year = {2006},
 isbn = {1-59593-372-7},
 location = {Montr\&\#233;al, Qu\&\#233;bec, Canada},
 pages = {591--600},
 numpages = {10},
 url = {http://doi.acm.org/10.1145/1124772.1124862},
 doi = {10.1145/1124772.1124862},
 acmid = {1124862},
 publisher = {ACM},
 keywords = {activism, encrypted e-mail, extended case method, security},
} 


@inproceedings{epost,
 author = {Mislove, Alan and et al},
 title = {POST: A Secure, Resilient, Cooperative Messaging System},
 booktitle = {HotOS'03},
 year = {2003},
 location = {Lihue, Hawaii},
 pages = {11--11},
 numpages = {1},
 url = {http://dl.acm.org/citation.cfm?id=1251054.1251065},
 acmid = {1251065},
 publisher = {USENIX Association},
 address = {Berkeley, CA, USA},
} 

@phdthesis{hci-sec,
  title={Design principles and patterns for computer systems that are simultaneously secure and usable},
  author={Garfinkel, Simson},
  year={2005},
  school={Massachusetts Institute of Technology}
}

@inproceedings{why-jonny-cant-encrypt,
 author = {Whitten, Alma and Tygar, J. D.},
 title = {Why Johnny Can'T Encrypt: A Usability Evaluation of PGP 5.0},
 booktitle = {USENIX SSYM'99},
 year = {1999},
 location = {Washington, D.C.},
 pages = {14--14},
 numpages = {1},
 url = {http://dl.acm.org/citation.cfm?id=1251421.1251435},
 acmid = {1251435},
 publisher = {USENIX Association},
 address = {Berkeley, CA, USA},
} 

@Manual{pgp7,
   key         = "PGP User's Guide",
   Title       = "PGP Freeware for Windows 95, Windows 98, Windows NT, Windows 2000 and Windows Millenium",
   Organization = "Network Associates, Inc.",
   edition     = "7.0.3",
   note        = "\url{ftp://ftp.pgpi.org/pub/pgp/7.0/docs/english/PGPWinUsersGuide.pdf}",
   year        = "2001"
}

@article{local-spam-filter-eval,
 author = {Cormack, Gordon V. and Lynam, Thomas R.},
 title = {Online Supervised Spam Filter Evaluation},
 journal = {ACM Trans. Inf. Syst.},
 issue_date = {July 2007},
 volume = {25},
 number = {3},
 month = jul,
 year = {2007},
 issn = {1046-8188},
 articleno = {11},
 url = {http://doi.acm.org/10.1145/1247715.1247717},
 doi = {10.1145/1247715.1247717},
 acmid = {1247717},
 publisher = {ACM},
 address = {New York, NY, USA},
 keywords = {Spam, email, text classification},
} 


@INPROCEEDINGS{escape, 
author={Balfanz, Dirk}, 
booktitle={Computer Security Applications Conference, 2003. Proceedings. 19th Annual}, 
title={Usable access control for the World Wide Web}, 
year={2003}, 
month={Dec}, 
pages={406-415}, 
keywords={Internet;authorisation;public key cryptography;Web server configuration;World Wide Web;access control mechanism;authorisation;content publishing;usable system;Access control;Application software;Certification;Portals;Power system protection;Public key;Publishing;Web and internet services;Web server;Web sites}, 
doi={10.1109/CSAC.2003.1254345},
}

@article{privacy-preserving-naive-bayes,
 author = {Vaidya, Jaideep and Kantarcio\u{g}lu, Murat and Clifton, Chris},
 title = {Privacy-preserving Na\&\#239;Ve Bayes Classification},
 journal = {The VLDB Journal},
 issue_date = {July      2008},
 volume = {17},
 number = {4},
 month = jul,
 year = {2008},
 issn = {1066-8888},
 pages = {879--898},
 numpages = {20},
 url = {http://dx.doi.org/10.1007/s00778-006-0041-y},
 doi = {10.1007/s00778-006-0041-y},
 acmid = {1380775},
 publisher = {Springer-Verlag New York, Inc.},
 address = {Secaucus, NJ, USA},
 keywords = {Data mining, Distributed computing, Na\"{\i}ve Bayes, Privacy, Security},
} 

@inproceedings{pnacl,
 author = {Ansel, Jason and Marchenko, Petr and Erlingsson, \'{U}lfar and Taylor, Elijah and Chen, Brad and Schuff, Derek L. and Sehr, David and Biffle, Cliff L. and Yee, Bennet},
 title = {Language-independent Sandboxing of Just-in-time Compilation and Self-modifying Code},
 booktitle = {ACM PLDI'11},
 year = {2011},
 isbn = {978-1-4503-0663-8},
 location = {San Jose, California, USA},
 pages = {355--366},
 numpages = {12},
 url = {http://doi.acm.org/10.1145/1993498.1993540},
 doi = {10.1145/1993498.1993540},
 acmid = {1993540},
 publisher = {ACM},
 address = {New York, NY, USA},
 keywords = {just-in-time compilation, sandboxing, security, self-modifying code, software fault isolation},
} 


@inproceedings{syndicate,
   key = "Syndicate",
   Author          = "{Jude Nelson and Larry Peterson}",
    title           = "Syndicate: Virtual Cloud Storage through Provider Composition",
    Year            = 2014,
    booktitle        = "ACM BigSystem",
}


@techreport{email-statistics-report,
   key = "Radicati",
   Author          = "{Masha Khmartseva}",
    title           = "{Email Statistics Report, 2009-2013}",
    Institution     = "The Raticati Group, Inc",
    Year            = 2013,
    type            = "Executive Summary"
}

@techreport{hashcash,
   Author          = "{Adam Back}",
    title           = "{Hashcash - A Denial of Service Counter-Measure}",
    Year            = 2002,
    type            = "Tech Report",
    note             = "\url{http://www.hashcash.org/papers/hashcash.pdf}"
}

@article{ecdsa,
  author = {Johnson, Don and Menezes, Alfred and Vanstone, Scott A.},
  ee = {http://dx.doi.org/10.1007/s102070100002},
  journal = {Int. J. Inf. Sec.},
  number = 1,
  pages = {36-63},
  title = {The Elliptic Curve Digital Signature Algorithm (ECDSA).},
  url = {http://dblp.uni-trier.de/db/journals/ijisec/ijisec1.html#JohnsonMV01},
  volume = 1,
  year = 2001
}

@inproceedings{uia:osdi06,
  title        = {Persistent Personal Names for Globally Connected
    Mobile Devices},
  author       = {Bryan Ford and Jacob Strauss and Chris
    Lesniewski-Laas and Sean Rhea and Frans Kaashoek and Robert Morris},
  booktitle    = {Proceedings of the 7th {USENIX} {S}ymposium on
    {O}perating {S}ystems {D}esign and {I}mplementation ({OSDI} '06)},
  year         = 2006,
  month        = nov,
  address      = {Seattle, Washington}
}

@article{chord:ton03,
  title        = {Chord: A Scalable Peer-to-peer Lookup Service for
    Internet Applications},
  author       = {Ion Stoica and Robert Morris and David Liben-Nowell
    and David Karger and M. Frans Kaashoek and Frank Dabek and Hari
    Balakrishnan},
  journal      = {{IEEE} Transactions on Networking},
  volume       = 11,
  year         = 2003,
  month        = feb,
}

@inproceedings{whanau:nsdi10,
  title        = {Wh\=anau: A {Sybil}-Proof Distributed Hash Table},
  author       = {Chris Lesniewski-Laas and M. Frans Kaashoek},
  booktitle    = {Proceedings of the 7th {USENIX} {S}ymposium on
    {N}etworked {S}ystems {D}esign and {I}mplementation ({NSDI} '10)},
  year         = 2010,
  month        = apr,
  address      = {San Jose, CA},
}

@article{keshav:ccr06,
 author = {Keshav, S.},
 title = {Efficient and Decentralized Computation of Approximate Global State},
 journal = {SIGCOMM Comput. Commun. Rev.},
 issue_date = {January 2006},
 volume = {36},
 number = {1},
 month = jan,
 year = {2006},
 issn = {0146-4833},
 pages = {69--74},
 numpages = {6},
 url = {http://doi.acm.org/10.1145/1111322.1111338},
 doi = {10.1145/1111322.1111338},
 acmid = {1111338},
 publisher = {ACM},
 address = {New York, NY, USA},
} 

@inproceedings{kademlia:iptps01,
 author = {Maymounkov, Petar and Mazi\`{e}res, David},
 title = {Kademlia: A Peer-to-Peer Information System Based on the XOR Metric},
 booktitle = {Revised Papers from the First International Workshop on Peer-to-Peer Systems},
 series = {IPTPS '01},
 year = {2002},
 isbn = {3-540-44179-4},
 pages = {53--65},
 numpages = {13},
 url = {http://dl.acm.org/citation.cfm?id=646334.687801},
 acmid = {687801},
 publisher = {Springer-Verlag},
 address = {London, UK, UK},
} 

@inproceedings{beehive:nsdi04,
 author = {Ramasubramanian, Venugopalan and Sirer, Emin G\"{u}n},
 title = {Beehive: O(1)Lookup Performance for Power-law Query Distributions in Peer-to-peer Overlays},
 booktitle = {Proceedings of the 1st Conference on Symposium on Networked Systems Design and Implementation - Volume 1},
 series = {NSDI'04},
 year = {2004},
 location = {San Francisco, California},
 pages = {8--8},
 numpages = {1},
 url = {http://dl.acm.org/citation.cfm?id=1251175.1251183},
 acmid = {1251183},
 publisher = {USENIX Association},
 address = {Berkeley, CA, USA},
} 

@misc{bitcoin-investments,
  key = "coindesk",
  author = "Coindesk",
  title = "Bitcoin Venture Capital",
  note = "\url{http://www.coindesk.com/bitcoin-venture-capital/}",
  year = 2016,
  month = Jan,
}

@misc{state-of-bitcoin,
  key = "coindesk",
  author = "Coindesk",
  title = "State of Bitcoin 2015: Ecosystem Grows Despite Price Decline",
  note = "\url{http://coinde.sk/1tJDDvv}",
  year = 2015,
}

@misc{bitcoin-ddos,
  author = "Julia McGovern",
  title = "Official Statement on the Last Week’s DDoS-attack against GHash.IO Mining Pool",
  note = "\url{http://bit.ly/1nu49vR}",
  year = 2015,
}

@misc{bitcoin-stresstest,
  key = "coindesk",
  author = "Coindesk",
  title = "Bitcoin Network Stress Test Could Occur Next Week",
  note = "\url{http://coinde.sk/1Ku5oWc}",
  year = 2015,
  month = September
}

@misc{namecoin,
  key = "Namecoin",
  title = "Namecoin",
  note = "\url{https://namecoin.info}"
}

@misc{namecoin-core,
  key = "Namecoin",
  title = "Namecoin Core, required software for miners",
  note = "\url{https://github.com/namecoin/namecoin-core}",
  year = 2015
}


@misc{merge-mining,
  key = "merge-mining",
  title = "Merge Mining Specification",
  note = "\url{https://en.bitcoin.it/wiki/Merged_mining_specification}"
}

@misc{coin-marketcap,
  title = "Cryptocurrency Market Cap",
  note = "\url{http://www.coincap.io}",
  year = 2016,
  month = Jan,
}

@techreport{sidechains,
   key = "sidechains",
   Author          = "Back, Adam and Corallo, Matt and Dashjr, Luke and Friedenbach, Mark and Maxwell, Gregory and Miller, Andrew and Poelstra, Andrew and Timon, Jorge and Wuille, Pieter",
    title           = "{Enabling Blockchain Innovations with Pegged Sidechains}",
    Institution     = "Blockstream",
    Year            = 2014,
    type            = "White Paper",
   note             = "\url{https://blockstream.com/sidechains.pdf}"
}

@misc{namecoin-bug,
   author = "Michael Gronager",
   title = "Namecoin was stillborn, I had to switch off life-support",
   note = "\url{https://bitcointalk.org/index.php?topic=310954}",
   year = 2013,
   month = October

}

@misc{zookos-triangle,
   author = "Dan Kaminsky",
   title = "Spelunking the Triangle: Exploring Aaron Swartz’s Take On Zooko’s Triangle",
   note = "\url{http://dankaminsky.com/2011/01/13/spelunk-tri/}",
   year = 2011,
   month = January

}

@techreport{filecoin,
   key = "Filecoin",
   title = "{Filecoin: A Cryptocurrency Operated File Network}",
   Year         = 2014,
   type = "Tech Report",
   note = "\url{http://filecoin.io/filecoin.pdf}"
}

@misc{counterparty,
   key = "Counterparty",
   title = "Counterparty Protocol Specifications",
   note = "\url{http://counterparty.io/docs/protocol_specification/}"
}

@misc{blocksize-limit,
   author = {Aaron Van Wirdum},
   title = "A Closer Look at BIP100: The Block Size Proposal Bitcoin Miners are Rallying Behind",
   note = "\url{http://bit.ly/1VbyoXP}",
   year = 2015,
   month = Aug,
}

@misc{opreturn-usage,
   key = "op_return usage",
   title = "Statistics of usage for Bitcoin OP\_RETURN",
   note = "\url{http://opreturn.org}"
}

@misc{openassets,
   key = "openassets",
   title = "Open Assets Protocol",
   note = "\url{http://www.openassets.org}"
}

@misc{crypto-stats,
   title = "Crypto-currencies statistics -- Active Nodes",
   note = "\url{https://bitinfocharts.com}"
}

@misc{onename,
   key = "Onename",
   title = "Onename",
   note = "\url{https://onename.com}"
}
@misc{tierion,
   key = "Tierion",
   title = "Tierion",
   note = "\url{https://tierion.com}"
}
@misc{agave,
   key = "Agave",
   title = "The Agave Platform",
   note = "\url{http://agaveapi.co/}"
}

@book{bitcoin-textbook,
   author = {Narayanan, Arvind and Bonneau, Joseph and Felton, Edward and Miller, Andrew and Goldfeder, Steven},
   title = {Bitcoin and Cryptocurrency Technologies},
   publisher = {Center for Information Technology Policy},
   address = {Princeton, NJ, USA},
   year = "2016"
}

@misc{iplant,
   key = "iplant",
   title = "iPlant Collaborative",
   note = "\url{https://www.nsf.gov/funding/pgm_summ.jsp?pims_id=503368&org=NSF}"
}

@misc{blockstack,
   key = "Blockstack",
   title = "Blockstack",
   note = "\url{https://blockstack.org/blockstack.pdf}"
}

@misc{coindance,
   key = "coin.dance",
   title = "Bitcoin Node Summary",
   note = "\url{https://coin.dance/nodes}"
}

@misc{coinmarketcap,
   key = "coinmarketcap.com",
   title = "Crypto-currency Market Capitalizations",
   note = "\url{https://coinmarketcap.com/currencies/bitcoin/}"
}

@misc{keybase,
   key = "Keybase",
   title = "Keybase",
   note = "\url{https://keybase.io}"
}

@misc{libcloud,
   key = "libcloud",
   title = "Apache libcloud",
   note = "\url{https://libcloud.apache.org}"
}

@misc{andromeda,
   key = "andromeda",
   title = "ONS 2014 Keynote",
   year = "2014",
   author = {Vahdat, Amin},
   note = "Google, Inc."
}

@article{irods,
  title={iRODS Primer: integrated rule-oriented data system},
  author={Rajasekar, Arcot and Moore, Reagan and Hou, Chien-yi and Lee, Christopher A and Marciano, Richard and de Torcy, Antoine and Wan, Michael and Schroeder, Wayne and Chen, Sheau-Yen and Gilbert, Lucas and others},
  journal={Synthesis Lectures on Information Concepts, Retrieval, and Services},
  volume={2},
  number={1},
  pages={1--143},
  year={2010},
  publisher={Morgan \& Claypool Publishers}
}

@article{amoeba,
  title={Amoeba: A distributed operating system for the 1990s},
  author={Mullender, Sape J and Van Rossum, Guido and Tananbaum, AS and Van Renesse, Robbert and Van Staveren, Hans},
  journal={Computer},
  volume={23},
  number={5},
  pages={44--53},
  year={1990},
  publisher={IEEE}
}

@article{amoeba-experiences,
  title={Experiences with the Amoeba distributed operating system},
  author={Tanenbaum, Andrew S and Van Renesse, Robbert and Van Staveren, Hans and Sharp, Gregory J and Mullender, Sape J},
  journal={Communications of the ACM},
  volume={33},
  number={12},
  pages={46--63},
  year={1990},
  publisher={ACM}
}

@article{sprite,
  title={The Sprite network operating system},
  author={Ousterhout, John K and Cherenson, Andrew R and Douglis, Frederick and Nelson, Michael N and Welch, Brent B},
  journal={Computer},
  volume={21},
  number={2},
  pages={23--36},
  year={1988},
  publisher={IEEE}
}

@inproceedings{plan9,
  title={Plan 9 from bell labs},
  author={Pike, Rob and Presotto, Dave and Thompson, Ken and Trickey, Howard and others},
  booktitle={Proceedings of the summer 1990 UKUUG Conference},
  pages={1--9},
  year={1990},
  organization={London, UK}
}

@book{mosix,
  title={The MOSIX distributed operating system: load balancing for UNIX},
  author={Barak, Amnon and Guday, Shai and Wheeler, Richard G},
  year={1993},
  publisher={Springer-Verlag New York, Inc.}
}

@inproceedings{ioflow,
  title={IOFlow: a software-defined storage architecture},
  author={Thereska, Eno and Ballani, Hitesh and O'Shea, Greg and Karagiannis, Thomas and Rowstron, Antony and Talpey, Tom and Black, Richard and Zhu, Timothy},
  booktitle={Proceedings of the Twenty-Fourth ACM Symposium on Operating Systems Principles},
  pages={182--196},
  year={2013},
  organization={ACM}
}

@phdthesis{infinit,
  title={Towards a worldwide storage infrastructure},
  author={Quintard, Julien},
  year={2012},
  school={University of Cambridge}
}

@inproceedings{frenetic,
  title={Frenetic: A network programming language},
  author={Foster, Nate and Harrison, Rob and Freedman, Michael J and Monsanto, Christopher and Rexford, Jennifer and Story, Alec and Walker, David},
  booktitle={ACM SIGPLAN Notices},
  volume={46},
  number={9},
  pages={279--291},
  year={2011},
  organization={ACM}
}

@inproceedings{pyretic,
  title={Composing software defined networks},
  author={Monsanto, Christopher and Reich, Joshua and Foster, Nate and Rexford, Jennifer and Walker, David},
  booktitle={Proceedings of the 10th USENIX Symposium on Networked Systems Design and Implementation},
  pages={1--13},
  year={2013}
}

@article{openflow,
  title={OpenFlow: enabling innovation in campus networks},
  author={McKeown, Nick and Anderson, Tom and Balakrishnan, Hari and Parulkar, Guru and Peterson, Larry and Rexford, Jennifer and Shenker, Scott and Turner, Jonathan},
  journal={ACM SIGCOMM Computer Communication Review},
  volume={38},
  number={2},
  pages={69--74},
  year={2008},
  publisher={ACM}
}

@inproceedings{metasync,
  title={Metasync: File synchronization across multiple untrusted storage services},
  author={Han, Seungyeop and Shen, Haichen and Kim, Taesoo and Krishnamurthy, Arvind and Anderson, Thomas and Wetherall, David},
  booktitle={2015 USENIX Annual Technical Conference (USENIX ATC 15)},
  pages={83--95},
  year={2015}
}

@misc{bitcoin_hashrate,
   title = "Bitcoin Hashrate",
   note = "\url{https://blockchain.info/charts/hash-rate}"
}

@book{zimmermann-pgp,
 author = {Zimmermann, Philip R.},
 title = {The Official PGP User's Guide},
 year = {1995},
 isbn = {0-262-74017-6},
 publisher = {MIT Press},
 address = {Cambridge, MA, USA},
} 

@inproceedings{why-johnny-cant-encrypt,
 author = {Whitten, Alma and Tygar, J. D.},
 title = {Why Johnny Can'T Encrypt: A Usability Evaluation of PGP 5.0},
 booktitle = {Proceedings of the 8th Conference on USENIX Security Symposium - Volume 8},
 series = {SSYM'99},
 year = {1999},
 location = {Washington, D.C.},
 pages = {14--14},
 numpages = {1},
 acmid = {1251435},
 publisher = {USENIX Association},
 address = {Berkeley, CA, USA},
} 


@techreport{bitcoin,
   key = "Bitcoin",
   Author = "{Satoshi Nakamoto}",
   title = "Bitcoin: A Peer-to-Peer Electronic Cash System",
   Year = 2009,
   type = "Tech Report",
   note = "\url{https://bitcoin.org/bitcoin.pdf}"
}

@misc{bitcoin-consensus-library,
   Author = "{Bitcoin Core Developers}",
   title = "Bitcoin Core version 0.10.0 Release Notes: Bitcoin Consensus Library",
   year = 2015,
   month = Feb,
   note = "\url{https://bitcoin.org/en/release/v0.10.0}"
}


@inproceedings{BonneauMCNKF15,
  author    = {Joseph Bonneau and
               Andrew Miller and
               Jeremy Clark and
               Arvind Narayanan and
               Joshua A. Kroll and
               Edward W. Felten},
  title     = {SoK: Research Perspectives and Challenges for Bitcoin and Cryptocurrencies},
  booktitle = {2015 {IEEE} Symposium on Security and Privacy, {SP} 2015, San Jose,
               CA, USA, May 17-21, 2015},
  pages     = {104--121},
  year      = {2015},
  url       = {http://dx.doi.org/10.1109/SP.2015.14},
  doi       = {10.1109/SP.2015.14},
  timestamp = {Fri, 24 Jul 2015 12:25:17 +0200},
  biburl    = {http://dblp.uni-trier.de/rec/bib/conf/sp/BonneauMCNKF15},
  bibsource = {dblp computer science bibliography, http://dblp.org}
}

@article{selfish-miner-attack,
  author    = {Ittay Eyal and
               Emin G{\"{u}}n Sirer},
  title     = {Majority is not Enough: Bitcoin Mining is Vulnerable},
  journal   = {CoRR},
  volume    = {abs/1311.0243},
  year      = {2013},
  url       = {http://arxiv.org/abs/1311.0243},
  timestamp = {Tue, 03 Dec 2013 15:04:20 +0100},
  biburl    = {http://dblp.uni-trier.de/rec/bib/journals/corr/EyalS13},
  bibsource = {dblp computer science bibliography, http://dblp.org}
}

@inproceedings{openid,
 author = {Recordon, David and Reed, Drummond},
 title = {OpenID 2.0: A Platform for User-centric Identity Management},
 booktitle = {Proceedings of the Second ACM Workshop on Digital Identity Management},
 series = {DIM '06},
 year = {2006},
 isbn = {1-59593-547-9},
 location = {Alexandria, Virginia, USA},
 pages = {11--16},
 numpages = {6},
 acmid = {1179532},
 publisher = {ACM},
 address = {New York, NY, USA},
 keywords = {authentication, authorization, identity, open source, open standard, user-centric},
} 

@inproceedings{oceanstore:sisw05,
  title={Efficiently binding data to owners in distributed content-addressable storage systems},
  author={Eaton, Patrick and Weatherspoon, Hakim and Kubiatowicz, John},
  booktitle={Security in Storage Workshop, 2005. SISW'05. Third IEEE International},
  pages={12--pp},
  year={2005},
  organization={IEEE}
}

@inproceedings{bitcoinmining,
  title={The Economics of Bitcoin Mining, or Bitcoin in the Presence of Adversaries},
  author={Kroll, Joshua A. and Davey, Ian C.  and Felten, Edward W. },
  booktitle={WEIS 2013},
}

@inproceedings{bonafide,
  title={Tiered Fault Tolerance for Long-Term Integrity.},
  author={Chun, Byung-Gon and Maniatis, Petros and Shenker, Scott and Kubiatowicz, John},
  booktitle={FAST},
  pages={267--282},
  year={2009}
}

@inproceedings{pond:fast03,
  title={Pond: The OceanStore Prototype.},
  author={Rhea, Sean C and Eaton, Patrick R and Geels, Dennis and Weatherspoon, Hakim and Zhao, Ben Y and Kubiatowicz, John},
  booktitle={FAST},
  volume={3},
  pages={1--14},
  year={2003}
}

@inproceedings{scatter:sosp11,
  title={Scalable consistency in Scatter},
  author={Glendenning, Lisa and Beschastnikh, Ivan and Krishnamurthy, Arvind and Anderson, Thomas},
  booktitle={Proceedings of the Twenty-Third ACM Symposium on Operating Systems Principles},
  pages={15--28},
  year={2011},
  organization={ACM}
}

@techreport{storj,
   title = "Storj: A Peer-to-Peer Cloud Storage Network",
   Author = "{Shawn Wilkinson and Tome Boshevski and Josh Brandof and Vitalik Buterin}",
   Year = 2014,
   type = "Tech Report",
   Institution = "storj.io",
   note="\url{http://storj.io/storj.pdf}"
}


@techreport{ipfs-paper,
   title = "{IPFS - Content Addressed, Versioned, P2P File System}",
   Author = "{Juan Benet}",
   Year = 2015,
   type = "Draft",
   Institution = "ipfs.io",
   note="\url{https://github.com/ipfs/papers}"
}


@inproceedings{sybil-attack,
 author = {Douceur, John R.},
 title = {The Sybil Attack},
 booktitle = {Revised Papers from the First International Workshop on Peer-to-Peer Systems},
 series = {IPTPS '01},
 year = {2002},
 isbn = {3-540-44179-4},
 pages = {251--260},
 numpages = {10},
 url = {http://dl.acm.org/citation.cfm?id=646334.687813},
 acmid = {687813},
 publisher = {Springer-Verlag},
 address = {London, UK, UK},
} 

@inproceedings{permacoin,
  title={Permacoin: Repurposing bitcoin work for data preservation},
  author={Miller, Andrew and Juels, Ari and Shi, Elaine and Parno, Bryan and Katz, Jonathan},
  booktitle={Security and Privacy (SP), 2014 IEEE Symposium on},
  pages={475--490},
  year={2014},
  organization={IEEE}
}

@misc{incommon,
   key = "InCommon",
   title = "InCommon Federation",
   note = "\url{https://www.incommon.org/federation/}"
}

@misc{blockstore-source,
   key = "Blockstore source code",
   title = "Blockstore source code release v0.11",
   note = "\url{http://github.com/blockstack/blockstore}",
   year = 2016
}

@misc{bitcoin-developerguide,
   key = "Bitcoin Developer Guide",
   title = "Bitcoin.org: Bitcoin Developer Guide",
   note = "\url{http://bitcoin.org/en/developer-guide}",
   year = 2015
}

@inproceedings{nishtala:scalingmemcached,
 author = {Nishtala, Rajesh and Fugal, Hans and Grimm, Steven and Kwiatkowski, Marc and Lee, Herman and Li, Harry C. and McElroy, Ryan and Paleczny, Mike and Peek, Daniel and Saab, Paul and Stafford, David and Tung, Tony and Venkataramani, Venkateshwaran},
 title = {Scaling Memcache at Facebook},
 booktitle = {Proceedings of the 10th USENIX Conference on Networked Systems Design and Implementation},
 series = {nsdi'13},
 year = {2013},
 location = {Lombard, IL},
 pages = {385--398},
 numpages = {14},
 url = {http://dl.acm.org/citation.cfm?id=2482626.2482663},
 acmid = {2482663},
 publisher = {USENIX Association},
 address = {Berkeley, CA, USA},
} 

@article{KCEBN15,
  author="Harry Kalodner and Miles Carlsten and Paul Ellenbogen and Joseph Bonneau and Arvind Narayanan",
  journal="WEIS '15: Proceedings of the 14\textsuperscript{th} Workshop on the Economics of Information Security",
  title="{An empirical study of Namecoin and lessons for decentralized namespace design}",
  month="June",
  location="Delft, Netherlands",
  year="2015",
}

@article{Rhea:OpenDHT2005,
 author = {Rhea, Sean and Godfrey, Brighten and Karp, Brad and Kubiatowicz, John and Ratnasamy, Sylvia and Shenker, Scott and Stoica, Ion and Yu, Harlan},
 title = {OpenDHT: A Public DHT Service and Its Uses},
 journal = {SIGCOMM Comput. Commun. Rev.},
 issue_date = {October 2005},
 volume = {35},
 number = {4},
 month = aug,
 year = {2005},
 issn = {0146-4833},
 pages = {73--84},
 numpages = {12},
 url = {http://doi.acm.org/10.1145/1090191.1080102},
 doi = {10.1145/1090191.1080102},
 acmid = {1080102},
 publisher = {ACM},
 address = {New York, NY, USA},
 keywords = {distributed hash table, peer-to-peer, resource allocation},
} 
